@Article{	  Couch:2017,
  Author	= {{Couch}, S.~M.},
  Journal	= {in prep.},
  Title		= {{Spark: A New Solver for Self-gravitating Compressible Magnetohydrodynamics Implemented in the FLASH Simulation Framework}},
  Year		= 2017,
}
